@misc{Lant2010,
author = {Lant, Michael},
booktitle = {Software Development, Agile Methods and the Intersection of People Process and Technology},
title = {{How To Make Your Project Not Suck by Using an Agile Project Charter}},
url = {http://michaellant.com/2010/05/18/how-to-make-your-project-not-suck/},
year = {2010}
}
@book{Rubin2012,
author = {Rubin, Kenneth S},
edition = {1st},
isbn = {0137043295, 9780137043293},
publisher = {Addison-Wesley Professional},
title = {{Essential Scrum: A Practical Guide to the Most Popular Agile Process}},
year = {2012}
}
@techreport{,
institution = {U.S. Department of Defense},
pages = {2--7},
title = {{DOD Sample Phase I Proposal}},
url = {http://www.acq.osd.mil/osbp/sbir/sb/resources/sample-proposals.shtml},
year = {2011}
}
@misc{reactivision, title={reacTIVision: A Computer-Vision Framework for TableBased Tangible Interaction}, url={http://modin.yuri.at/publications/reactivision_tei2007.pdf}, author={KaltenBrunner, Martin and Bencina, Ross}, year={2007}}
@misc{bullseye, title={BullsEye: High-Precision Fiducial Tracking for Table-based Tangible Interaction}, url={http://pure.au.dk/portal/files/83578359/bullseyefinal.pdf}, journal={pure.au.dk}, author={Klokmose, Clemens Nylandsted and Kristensen, Janus Bager and Bagge, Rolf and Halskov, Kim}, year={2014}, month={Nov}} 
