@book{Rubin2012,
author = {Rubin, Kenneth S},
edition = {1st},
isbn = {0137043295, 9780137043293},
publisher = {Addison-Wesley Professional},
title = {{Essential Scrum: A Practical Guide to the Most Popular Agile Process}},
year = {2012}
}


@misc{concept1,
title = {Touch Table Concept Development},
url ={ http://2013.melkdee.com/portfolio/touch-table-concept-development},
author ={ Melanie K Dick},
year = {2014}
}

@misc{concept2,
title = {Round table},
url ={ http://reactable.com/live/},
author ={ Reactable Systems SL},
year = {2015}
}
